@article{maksymyuk2020blockchain,
	title={{Blockchain-Empowered Framework for Decentralized Network Management in 6G}},
	author={Maksymyuk, Taras and Gazda, Juraj and Volosin, Marcel and Bugar, Gabriel and Horvath, Denis and Klymash, Mykhailo and Dohler, Mischa},
	journal={IEEE Communications Magazine},
	volume={58},
	number={9},
	pages={86--92},
	year={2020},
	publisher={IEEE}
}

@article{xu2020blockchain,
	title={{Blockchain-enabled resource management and sharing for 6G communications}},
	author={Xu, Hao and Klaine, Paulo Valente and Onireti, Oluwakayode and Cao, Bin and Imran, Muhammad and Zhang, Lei},
	journal={Digital Communications and Networks},
	volume={6},
	number={3},
	pages={261--269},
	year={2020},
	publisher={Elsevier}
}

@article{xu2021ran,
	title={{BE-RAN: Blockchain-enabled Open-RAN with Decentralized Identity Management and Privacy-Preserving Communication}},
	author={Xu, Hao and Zhang, Lei and Sun, Elaine and others},
	journal={arXiv preprint arXiv:2101.10856},
	year={2021}
}

@inproceedings{backman2017blockchain,
	title={{Blockchain network slice broker in 5G: Slice leasing in factory of the future use case}},
	author={Backman, Jere and Yrj{\"o}l{\"a}, Seppo and Valtanen, Kristiina and M{\"a}mmel{\"a}, Olli},
	booktitle={2017 Internet of Things Business Models, Users, and Networks},
	pages={1--8},
	year={2017},
	organization={IEEE}
}

@article{nour2019blockchain,
	title={{A blockchain-based network slice broker for 5G services}},
	author={Nour, Boubakr and Ksentini, Adlen and Herbaut, Nicolas and Frangoudis, Pantelis A and Moungla, Hassine},
	journal={IEEE Networking Letters},
	volume={1},
	number={3},
	pages={99--102},
	year={2019},
	publisher={IEEE}
}

@article{fan2020hybrid,
	title={{Hybrid Blockchain-Based Resource Trading System for Federated Learning in Edge Computing}},
	author={Fan, Sizheng and Zhang, Hongbo and Zeng, Yuchen and Cai, Wei},
	journal={IEEE Internet of Things Journal},
	year={2020},
	publisher={IEEE}
}

@article{wilhelmi2021discrete,
	title={{Discrete-Time Analysis of Wireless Blockchain Networks}},
	author={Wilhelmi, Francesc and Giupponi, Lorenza},
	journal={arXiv e-prints},
	pages={arXiv--2104.05586},
	year={2021}
}