@article{yang2013openran,
  title={{Open-RAN: a software-defined RAN architecture via virtualization}},
  author={Yang, Mao and Li, Yong and Jin, Depeng and Su, Li and Ma, Shaowu and Zeng, Lieguang},
  journal={ACM SIGCOMM computer communication review},
  volume={43},
  number={4},
  pages={549--550},
  year={2013},
  publisher={ACM New York, NY, USA}
}

@inproceedings{frisanco2008infrastructure,
  title={Infrastructure sharing and shared operations for mobile network operators from a deployment and operations view},
  author={Frisanco, Thomas and Tafertshofer, Paul and Lurin, Pierre and Ang, Rachel},
  booktitle={IEEE Network Operations and Management Symposium (NOMS)},
  pages={129--136},
  year={2008}
}
 % organization={IEEE}

@article{samdanis2016network,
  title={{From network sharing to multi-tenancy: The 5G network slice broker}},
  author={Samdanis, Konstantinos and Costa-Perez, Xavier and Sciancalepore, Vincenzo},
  journal={IEEE Communications Magazine},
  volume={54},
  number={7},
  pages={32--39},
  year={2016},
  publisher={IEEE}
}

@misc{gsma2021report,
  title={Open and Virtualised Radio Access Networks: An Explanatory Guide for Policymakers},
  author={GSMA},
  year={2021}
}

@article{fan2020hybrid,
  title={{Hybrid Blockchain-Based Resource Trading System for Federated Learning in Edge Computing}},
  author={Fan, Sizheng and Zhang, Hongbo and Zeng, Yuchen and Cai, Wei},
  journal={IEEE Internet of Things Journal},
  year={2020},
  publisher={IEEE}
}

@inproceedings{cano2016non,
  title={{A non-cooperative game approach for RAN and spectrum sharing in mobile radio networks}},
  author={Cano, Lorela and Capone, Antonio and Carello, Giuliana and Cesana, Matteo and Passacantando, Mauro},
  booktitle={European Wireless 2016; 22th European Wireless Conference},
  pages={1--6},
  year={2016},
  organization={VDE}
}

@article{cano2016cooperative,
  title={{Cooperative infrastructure and spectrum sharing in heterogeneous mobile networks}},
  author={{L. Cano, A. Capone, G. Carello, M. Cesana and M. Passacantando}},
  journal={IEEE Journal on Selected Areas in Communications},
  volume={34},
  number={10},
  pages={2617--2629},
  year={2016},
  publisher={IEEE}
}

@article{wilhelmi2021discrete,
  title={{Discrete-Time Analysis of Wireless Blockchain Networks}},
  author={Wilhelmi, Francesc and Giupponi, Lorenza},
  journal={arXiv e-prints},
  pages={arXiv--2104.05586},
  year={2021}
}

@inproceedings{khalifa2018profit,
  title={{Profit and strategic analysis for MNO-MVNO partnership}},
  author={Khalifa, Nesrine Ben and Benhamiche, Amal and Simonian, Alain and Bouillon, Marc},
  booktitle={2018 IFIP Networking Conference (IFIP Networking) and Workshops},
  pages={325--333},
  year={2018},
  organization={IEEE}
}

@article{xiong2018cloud,
  title={{Cloud/fog computing resource management and pricing for blockchain networks}},
  author={Xiong, Zehui and Feng, Shaohan and Wang, Wenbo and Niyato, Dusit and Wang, Ping and Han, Zhu},
  journal={IEEE Internet of Things Journal},
  volume={6},
  number={3},
  pages={4585--4600},
  year={2018},
  publisher={IEEE}
}

@article{xiong2018mobile,
  title={{When mobile blockchain meets edge computing}},
  author={Xiong, Zehui and Zhang, Yang and Niyato, Dusit and Wang, Ping and Han, Zhu},
  journal={IEEE Communications Magazine},
  volume={56},
  number={8},
  pages={33--39},
  year={2018},
  publisher={IEEE}
}

@inproceedings{jiao2018social,
  title={Social welfare maximization auction in edge computing resource allocation for mobile blockchain},
  author={Jiao, Yutao and Wang, Ping and Niyato, Dusit and Xiong, Zehui},
  booktitle={2018 IEEE international conference on communications (ICC)},
  pages={1--6},
  year={2018},
  organization={IEEE}
}

@inproceedings{luong2018optimal,
  title={Optimal auction for edge computing resource management in mobile blockchain networks: A deep learning approach},
  author={Luong, Nguyen Cong and Xiong, Zehui and Wang, Ping and Niyato, Dusit},
  booktitle={2018 IEEE International Conference on Communications (ICC)},
  pages={1--6},
  year={2018},
  organization={IEEE}
}

@article{liu2018distributed,
  title={Distributed resource allocation in blockchain-based video streaming systems with mobile edge computing},
  author={Liu, Mengting and Yu, F Richard and Teng, Yinglei and Leung, Victor CM and Song, Mei},
  journal={IEEE Transactions on Wireless Communications},
  volume={18},
  number={1},
  pages={695--708},
  year={2018},
  publisher={IEEE}
}

@article{liu2018computation,
  title={Computation offloading and content caching in wireless blockchain networks with mobile edge computing},
  author={Liu, Mengting and Yu, F Richard and Teng, Yinglei and Leung, Victor CM and Song, Mei},
  journal={IEEE Transactions on Vehicular Technology},
  volume={67},
  number={11},
  pages={11008--11021},
  year={2018},
  publisher={IEEE}
}

@article{maksymyuk2020blockchain,
  title={{Blockchain-Empowered Framework for Decentralized Network Management in 6G}},
  author={Maksymyuk, Taras and Gazda, Juraj and Volosin, Marcel and Bugar, Gabriel and Horvath, Denis and Klymash, Mykhailo and Dohler, Mischa},
  journal={IEEE Communications Magazine},
  volume={58},
  number={9},
  pages={86--92},
  year={2020},
  publisher={IEEE}
}

@inproceedings{franco2019brain,
  title={BRAIN: blockchain-based reverse auction for infrastructure supply in virtual network functions-as-a-service},
  author={Franco, Muriel Figueredo and Scheid, Eder John and Granville, Lisandro Zambenedetti and Stiller, Burkhard},
  booktitle={2019 IFIP Networking Conference (IFIP Networking)},
  pages={1--9},
  year={2019},
  organization={IEEE}
}

@article{chen2017auction,
  title={{An auction-based spectrum leasing mechanism for mobile macro-femtocell networks of IoT}},
  author={Chen, Xin and Xing, Lei and Qiu, Tie and Li, Zhuo},
  journal={Sensors},
  volume={17},
  number={2},
  pages={380},
  year={2017},
  publisher={Multidisciplinary Digital Publishing Institute}
}

@article{zhou2020draim,
  title={DRAIM: A novel delay-constraint and reverse auction-based incentive mechanism for WiFi offloading},
  author={Zhou, Huan and Chen, Xin and He, Shibo and Chen, Jiming and Wu, Jie},
  journal={IEEE Journal on Selected Areas in Communications},
  volume={38},
  number={4},
  pages={711--722},
  year={2020},
  publisher={IEEE}
}

@inproceedings{wang2017auction,
  title={Auction based spectrum efficient offloading mechanism in HetNets},
  author={Wang, Lu and Cheng, Pu and Zhang, Sihai and Zhou, Wuyang},
  booktitle={2017 IEEE 86th Vehicular Technology Conference (VTC-Fall)},
  pages={1--5},
  year={2017},
  organization={IEEE}
}

@article{ji2008multi,
  title={Multi-stage pricing game for collusion-resistant dynamic spectrum allocation},
  author={Ji, Zhu and Liu, KJ Ray},
  journal={IEEE Journal on Selected Areas in Communications},
  volume={26},
  number={1},
  pages={182--191},
  year={2008},
  publisher={IEEE}
}

@inproceedings{koirala2019supply,
  title={A Supply Chain Model with Blockchain-Enabled Reverse Auction Bidding Process for Transparency and Efficiency},
  author={Koirala, Ravi Chandra and Dahal, Keshav and Matalonga, Santiago and Rijal, Rameshwar},
  booktitle={2019 13th International Conference on Software, Knowledge, Information Management and Applications (SKIMA)},
  pages={1--6},
  year={2019},
  organization={IEEE}
}

@article{wisely2018capacity,
  title={{Capacity and costs for 5G networks in dense urban areas}},
  author={Wisely, David and Wang, Ning and Tafazolli, Rahim},
  journal={IET Communications},
  volume={12},
  number={19},
  pages={2502--2510},
  year={2018},
  publisher={IET}
}

@article{giupponi2009fuzzy,
  title={{Fuzzy neural control for economic-driven radio resource management in beyond 3G networks}},
  author={Giupponi, Lorenza and Agust{\'i}, Ramon and P{\'e}rez-Romero, Jordi and Sallent, Oriol},
  journal={IEEE Transactions on Systems, Man, and Cybernetics, Part C (Applications and Reviews)},
  volume={39},
  number={2},
  pages={170--189},
  year={2009},
  publisher={IEEE}
}

@inproceedings{galindo2011implementation,
  title={On implementation requirements and performances of Q-learning for self-organized femtocells},
  author={Galindo-Serrano, Ana and Giupponi, Lorenza and Majoral, Marc},
  booktitle={2011 IEEE GLOBECOM Workshops (GC Wkshps)},
  pages={231--236},
  year={2011},
  organization={IEEE}
}

@inproceedings{assefa2017sdn,
  title={{SDN-based local mobility management with X2-interface in femtocell networks}},
  author={Assefa, Tewelde Degefa and Hoque, Rashedul and Tragos, Elias and Dimitropoulos, Xenofontas},
  booktitle={2017 IEEE 22nd International Workshop on Computer Aided Modeling and Design of Communication Links and Networks (CAMAD)},
  pages={1--6},
  year={2017},
  organization={IEEE}
}

@article{bianchi2000performance,
  title={{Performance analysis of the IEEE 802.11 distributed coordination function}},
  author={Bianchi, Giuseppe},
  journal={IEEE Journal on selected areas in communications},
  volume={18},
  number={3},
  pages={535--547},
  year={2000},
  publisher={IEEE}
}

@inproceedings{decker2013information,
  title={Information propagation in the bitcoin network},
  author={Decker, Christian and Wattenhofer, Roger},
  booktitle={IEEE P2P 2013 Proceedings},
  pages={1--10},
  year={2013},
  organization={IEEE}
}

@article{biais2019blockchain,
  title={The blockchain folk theorem},
  author={Biais, Bruno and Bisiere, Christophe and Bouvard, Matthieu and Casamatta, Catherine},
  journal={The Review of Financial Studies},
  volume={32},
  number={5},
  pages={1662--1715},
  year={2019},
  publisher={Oxford University Press}
}

@inproceedings{duan2010competition,
  title={Competition with dynamic spectrum leasing},
  author={Duan, Lingjie and Huang, Jianwei and Shou, Biying},
  booktitle={2010 IEEE Symposium on New Frontiers in Dynamic Spectrum (DySPAN)},
  pages={1--11},
  year={2010},
  organization={IEEE}
}

@article{kash2013enabling,
  title={Enabling spectrum sharing in secondary market auctions},
  author={Kash, Ian A and Murty, Rohan and Parkes, David C},
  journal={IEEE Transactions on Mobile Computing},
  volume={13},
  number={3},
  pages={556--568},
  year={2013},
  publisher={IEEE}
}

@article{ngubo2020wi,
  title={{Wi-Fi-Dependent Consensus Mechanism for Constrained Devices Using Blockchain Technology}},
  author={Ngubo, Chinazaekpere E and Dohler, Mischa},
  journal={IEEE Access},
  volume={8},
  pages={143595--143606},
  year={2020},
  publisher={IEEE}
}

@article{gsma2019era,
  title={{5G-era Mobile Network Cost Evolution}},
  author={GSMA},
  year={2019},
  publisher={GSMA London},
  howpublished= "\url{https://www.gsma.com/futurenetworks/wiki/5g-era-mobile-network-cost-evolution/}",
  note = "[Online; accessed 19-May-2021]"
}

@article{ling2019blockchain,
  title={{Blockchain radio access network (B-RAN): Towards decentralized secure radio access paradigm}},
  author={Ling, Xintong and Wang, Jiaheng and Bouchoucha, Taha and Levy, Bernard C and Ding, Zhi},
  journal={IEEE Access},
  volume={7},
  pages={9714--9723},
  year={2019},
  publisher={IEEE}
}

@article{xu2020blockchain,
  title={{Blockchain-enabled resource management and sharing for 6G communications}},
  author={Xu, Hao and Klaine, Paulo Valente and Onireti, Oluwakayode and Cao, Bin and Imran, Muhammad and Zhang, Lei},
  journal={Digital Communications and Networks},
  volume={6},
  number={3},
  pages={261--269},
  year={2020},
  publisher={Elsevier}
}

@article{xu2021ran,
  title={{BE-RAN: Blockchain-enabled Open-RAN with Decentralized Identity Management and Privacy-Preserving Communication}},
  author={Xu, Hao and Zhang, Lei and Sun, Elaine and others},
  journal={arXiv preprint arXiv:2101.10856},
  year={2021}
}

@techreport{nakamoto2019bitcoin,
  title={Bitcoin: A peer-to-peer electronic cash system},
  author={Nakamoto, Satoshi},
  year={2019},
  institution={Manubot}
}

@article{di2017smart,
  title={{Smart contract SLAs for dense small-cell-as-a-service}},
  author={Di Pascale, Emanuele and McMenamy, Jasmina and Macaluso, Irene and Doyle, Linda},
  journal={arXiv preprint arXiv:1703.04502},
  year={2017}
}
@article{reyna2018blockchain,
  title={{On blockchain and its integration with IoT. Challenges and opportunities}},
  author={Reyna, Ana and Mart{\'\i}n, Cristian and Chen, Jaime and Soler, Enrique and D{\'\i}az, Manuel},
  journal={Future generation computer systems},
  volume={88},
  pages={173--190},
  year={2018},
  publisher={Elsevier}
}
@article{gobel2016bitcoin,
  title={Bitcoin blockchain dynamics: The selfish-mine strategy in the presence of propagation delay},
  author={G{\"o}bel, Johannes and Keeler, Holger Paul and Krzesinski, Anthony E and Taylor, Peter G},
  journal={Performance Evaluation},
  volume={104},
  pages={23--41},
  year={2016},
  publisher={Elsevier}
}

@inproceedings{backman2017blockchain,
  title={{Blockchain network slice broker in 5G: Slice leasing in factory of the future use case}},
  author={Backman, Jere and Yrj{\"o}l{\"a}, Seppo and Valtanen, Kristiina and M{\"a}mmel{\"a}, Olli},
  booktitle={2017 Internet of Things Business Models, Users, and Networks},
  pages={1--8},
  year={2017},
  organization={IEEE}
}

@inproceedings{togou2020distributed,
  title={{A distributed blockchain-based broker for efficient resource provisioning in 5g networks}},
  author={Togou, Mohammed Amine and Bi, Ting and Dev, Kapal and McDonnell, Kevin and Milenovic, Aleksandar and Tewari, Hitesh and Muntean, Gabriel-Miro},
  booktitle={2020 International Wireless Communications and Mobile Computing (IWCMC)},
  pages={1485--1490},
  year={2020},
  organization={IEEE}
}

@article{nour2019blockchain,
  title={{A blockchain-based network slice broker for 5G services}},
  author={Nour, Boubakr and Ksentini, Adlen and Herbaut, Nicolas and Frangoudis, Pantelis A and Moungla, Hassine},
  journal={IEEE Networking Letters},
  volume={1},
  number={3},
  pages={99--102},
  year={2019},
  publisher={IEEE}
}